@article{pub_Marskar2019a,
   author = {Robert Marskar},
   doi = {10.1088/2516-1067/aafc7b},
   issn = {2516-1067},
   issue = {1},
   journal = {Plasma Research Express},
   month = {1},
   pages = {015011},
   title = {Adaptive multiscale methods for 3D streamer discharges in air},
   volume = {1},
   url = {http://stacks.iop.org/2516-1067/1/i=1/a=015011?key=crossref.40abb8d43302d498d8bd122b20e9ad97},
   year = {2019},
}
@article{pub_Marskar2019b,
   author = {Robert Marskar},
   doi = {10.1016/j.jcp.2019.03.036},
   issn = {10902716},
   journal = {Journal of Computational Physics},
   keywords = {Cartesian AMR,Complex geometry,HPC,Plasma,Streamer},
   pages = {624-654},
   title = {An adaptive Cartesian embedded boundary approach for fluid simulations of two- and three-dimensional low temperature plasma filaments in complex geometries},
   volume = {388},
   year = {2019},
}
@article{pub_meyer2019,
   author = {Hans Kristian Meyer and Frank Mauseth and Robert Marskar and Atle Pedersen and Andreas Blaszczyk},
   doi = {10.1109/TDEI.2019.007929},
   issn = {15584135},
   issue = {4},
   journal = {IEEE Transactions on Dielectrics and Electrical Insulation},
   keywords = {air gaps,dielectrics,electron emission,gas discharges,gas insulation,plasma simulation,surface charging,surface discharges},
   month = {8},
   pages = {1163-1171},
   title = {Streamer and surface charge dynamics in non-uniform air gaps with a dielectric barrier},
   volume = {26},
   year = {2019},
}
@article{pub_Marskar2020,
   author = {Robert Marskar},
   doi = {10.1088/1361-6595/ab87b6},
   issn = {0963-0252},
   journal = {Plasma Sources Science and Technology},
   month = {4},
   title = {3D fluid modeling of positive streamer discharges in air with stochastic photoionization},
   url = {https://iopscience.iop.org/article/10.1088/1361-6595/ab87b6},
   year = {2020},
}
@article{pub_Meyer2020,
   author = {H K H Meyer and R Marskar and H Gjemdal and F Mauseth},
   doi = {10.1088/1361-6595/abbae2},
   issn = {0963-0252},
   issue = {11},
   journal = {Plasma Sources Science and Technology},
   month = {11},
   pages = {115015},
   title = {Streamer propagation along a profiled dielectric surface},
   volume = {29},
   url = {https://iopscience.iop.org/article/10.1088/1361-6595/abbae2},
   year = {2020},
}
@article{pub_Meyer2022,
   author = {H K H Meyer and R Marskar and F Mauseth},
   doi = {10.1088/1361-6595/aca0be},
   issn = {0963-0252},
   issue = {11},
   journal = {Plasma Sources Science and Technology},
   month = {11},
   pages = {114006},
   title = {Evolution of positive streamers in air over non-planar dielectrics: experiments and simulations},
   volume = {31},
   url = {https://iopscience.iop.org/article/10.1088/1361-6595/aca0be},
   year = {2022},
}
@article{pub_chombo_discharge,
   author = {Marskar, Robert},
   doi = {10.21105/joss.05335},
   journal = {Journal of Open Source Software},
   month = may,
   number = {85},
   pages = {5335},
   title = {{chombo-discharge: An AMR code for gas discharge simulations in complex geometries}},
   url = {https://joss.theoj.org/papers/10.21105/joss.05335},
   volume = {8},
   year = {2023}
}