@article{Marskar:2019,
   Author = {{Marskar}, R},
   Journal = {Journal of Computational Physics},
   Year = 2019,
   url = {https://doi.org/10.1016/j.jcp.2019.03.036},
   Title = {An adaptive Cartesian embedded boundary approach for fluid simulations of two- and three-dimensional low temperature plasma filaments in complex geometries},
}
@article{Teunissen:2017,
   Author = {{Teunissen}, J and {Ebert}, E},
   url = {https://doi.org/10.1088/1361-6463/aa8faf},
   Journal = {Journal of Physics D: Applied Physics},
   Month = {11},
   Pages = {474001},
   Title = {Simulating streamer discharges in 3D with the parallel adaptive Afivo framework},
   Volume = {50},
   Year = {2017},
}
@article{Meyer:2022,
   Author = {{Meyer}, H K H and {Marskar}, R and {Mauseth}, F},
   url = {https://doi.org/10.1088/1361-6595/aca0be},
   Journal = {Plasma Sources Science and Technology},
   Pages = {114006},
   Title = {Evolution of positive streamers in air over non-planar dielectrics: experiments and simulations},
   Volume = {31},
   Year = {2022},
}

